<record><leader>00000cas a22000007a 4500</leader><controlfield tag="001">12903609</controlfield><controlfield tag="008">851213c19269999wiuwr ne      0    0eng d</controlfield><datafield ind1=" " ind2=" " tag="010"><subfield code="a">sn 85041583 </subfield></datafield><datafield ind1=" " ind2=" " tag="040"><subfield code="a">NPV</subfield><subfield code="b">eng</subfield><subfield code="c">NPV</subfield><subfield code="d">OCLCQ</subfield></datafield><datafield ind1=" " ind2=" " tag="032"><subfield code="a">379260</subfield><subfield code="b">USPS</subfield></datafield><datafield ind1="0" ind2=" " tag="041"><subfield code="a">engger</subfield></datafield><datafield ind1=" " ind2=" " tag="042"><subfield code="a">msc</subfield></datafield><datafield ind1=" " ind2=" " tag="045"><subfield code="a">x2--</subfield></datafield><datafield ind1=" " ind2=" " tag="052"><subfield code="a">4123</subfield><subfield code="b">G7</subfield></datafield><datafield ind1="0" ind2=" " tag="130"><subfield code="a">New Glarus post (New Glarus, Wis. : 1926)</subfield></datafield><datafield ind1="1" ind2="0" tag="245"><subfield code="a">New Glarus post.</subfield></datafield><datafield ind1=" " ind2=" " tag="260"><subfield code="a">New Glarus, Wis. :</subfield><subfield code="b">A.J. Theiler,</subfield><subfield code="c">1926-</subfield></datafield><datafield ind1=" " ind2=" " tag="300"><subfield code="a">v. :</subfield><subfield code="b">ill.</subfield></datafield><datafield ind1=" " ind2=" " tag="310"><subfield code="a">Weekly</subfield></datafield><datafield ind1="0" ind2=" " tag="362"><subfield code="a">Vol. 13, no. 40 (June 9, 1926)-</subfield></datafield><datafield ind1=" " ind2=" " tag="500"><subfield code="a">Publisher varies.</subfield></datafield><datafield ind1=" " ind2=" " tag="500"><subfield code="a">Editors: A.J. Theiler, Aug. 2, 1944-May 8, 1946; M.B. Theiler, May 15, 1946-Dec. 31, 1947; K. Theiler, Jan. 7, 1948-Feb. 2, 1949; W.E. Reusch, Feb. 9-Dec. 28, 1949; W. Babler &amp; K. Theiler, Sept. 25, 1957-Feb. 12, 1958; W. Babler, Feb. 19, 1958-Sept. 30, 1964; P.L. Anderson, Sept. 7, 1964-Sept. 26, 1973; B. &amp; H. Capellaro, Oct. 3, 1973-July 25, 1984; M.T. Burke, Aug. 1, 1984-</subfield></datafield><datafield ind1=" " ind2=" " tag="530"><subfield code="a">Available on microfilm from The State Historical Society of Wisconsin.</subfield></datafield><datafield ind1=" " ind2=" " tag="546"><subfield code="a">Some columns in German.</subfield></datafield><datafield ind1=" " ind2=" " tag="752"><subfield code="a">United States</subfield><subfield code="b">Wisconsin</subfield><subfield code="c">Green</subfield><subfield code="d">New Glarus.</subfield></datafield><datafield ind1="0" ind2="7" tag="780"><subfield code="t">New Glarus post and Belleville recorder</subfield><subfield code="w">(DLC)sn 85041582</subfield></datafield><datafield ind1="1" ind2=" " tag="029"><subfield code="a">AU@</subfield><subfield code="b">000025816488</subfield></datafield></record>